@article{community_structure,
  title={Community structure and dynamics in climate networks},
  author={Tsonis, Anastasios A and Wang, Geli and Swanson, Kyle L and Rodrigues, Francisco A and da Fontura Costa, Luciano},
  journal={Climate dynamics},
  volume={37},
  number={5-6},
  pages={933--940},
  year={2011},
  publisher={Springer}
}

@article{sbms,
  title={Stochastic block models: A comparison of variants and inference methods},
  author={Funke, Thorben and Becker, Till},
  journal={PloS one},
  volume={14},
  number={4},
  pages={e0215296},
  year={2019},
  publisher={Public Library of Science San Francisco, CA USA}
}

@article{complex,
  title={Complex networks in climate dynamics},
  author={Donges, Jonathan F and Zou, Yong and Marwan, Norbert and Kurths, J{\"u}rgen},
  journal={The European Physical Journal Special Topics},
  volume={174},
  number={1},
  pages={157--179},
  year={2009},
  publisher={Springer}
}

@inproceedings{exploration,
  title={An exploration of climate data using complex networks},
  author={Steinhaeuser, Karsten and Chawla, Nitesh V and Ganguly, Auroop R},
  booktitle={Proceedings of the Third International Workshop on Knowledge Discovery from Sensor Data},
  pages={23--31},
  year={2009}
}
