@article{community_structure,
  title={Community structure and dynamics in climate networks},
  author={Tsonis, Anastasios A and Wang, Geli and Swanson, Kyle L and Rodrigues, Francisco A and da Fontura Costa, Luciano},
  journal={Climate dynamics},
  volume={37},
  number={5-6},
  pages={933--940},
  year={2011},
  publisher={Springer}
}

@article{sbms,
  title={Stochastic block models: A comparison of variants and inference methods},
  author={Funke, Thorben and Becker, Till},
  journal={PloS one},
  volume={14},
  number={4},
  pages={e0215296},
  year={2019},
  publisher={Public Library of Science San Francisco, CA USA}
}

@article{complex,
  title={Complex networks in climate dynamics},
  author={Donges, Jonathan F and Zou, Yong and Marwan, Norbert and Kurths, J{\"u}rgen},
  journal={The European Physical Journal Special Topics},
  volume={174},
  number={1},
  pages={157--179},
  year={2009},
  publisher={Springer}
}

@inproceedings{exploration,
  title={An exploration of climate data using complex networks},
  author={Steinhaeuser, Karsten and Chawla, Nitesh V and Ganguly, Auroop R},
  booktitle={Proceedings of the Third International Workshop on Knowledge Discovery from Sensor Data},
  pages={23--31},
  year={2009}
}

@article{karrer_inference,
  title={Stochastic blockmodels and community structure in networks},
  author={Karrer, Brian and Newman, Mark EJ},
  journal={Physical review E},
  volume={83},
  number={1},
  pages={016107},
  year={2011},
  publisher={APS}
}

@article{rand_perm,
  title={A stochastic iterative amplitude adjusted Fourier transform algorithm with improved accuracy},
  author={Venema, Victor and Ament, Felix and Simmer, Clemens},
  journal={Nonlinear Processes in Geophysics},
  volume={13},
  number={3},
  pages={321--328},
  year={2006},
  publisher={Copernicus GmbH}
}

@misc{rand_perm_alg,
  title={Iterated Amplitude Adjusted Fourier Transform time series surrogates},
  author={Bedartha Goswami},
  howpublished={\url{https://github.com/mlcs/iaaft}}
}
@misc{hersbach2019era5,
  title={ERA5 monthly averaged data on single levels from 1979 to present, Copernicus Climate Change Service (C3S) Climate Data Store (CDS)},
  author={Hersbach, H and Bell, B and Berrisford, P and Biavati, G and Hor{\'a}nyi, A and Mu{\~n}oz Sabater, J and Nicolas, J and Peubey, C and Radu, R and Rozum, I and others},
  year={2019}
}

                          




